@article {MR0438810,
    AUTHOR = {Stockmeyer, Larry J.},
     TITLE = {The polynomial-time hierarchy},
   JOURNAL = {Theoret. Comput. Sci.},
  FJOURNAL = {Theoretical Computer Science},
    VOLUME = {3},
      YEAR = {1976},
    NUMBER = {1},
     PAGES = {1--22 (1977)},
      ISSN = {0304-3975},
   MRCLASS = {68A20},
  MRNUMBER = {0438810 (55 \#11716)},
MRREVIEWER = {John T. Gill},
}

@article {MR1304623,
    AUTHOR = {Barvinok, Alexander},
     TITLE = {A polynomial time algorithm for counting integral points in
              polyhedra when the dimension is fixed},
   JOURNAL = {Math. Oper. Res.},
  FJOURNAL = {Mathematics of Operations Research},
    VOLUME = {19},
      YEAR = {1994},
    NUMBER = {4},
     PAGES = {769--779},
      ISSN = {0364-765X},
   MRCLASS = {52C07 (52B55 90C10)},
  MRNUMBER = {1304623 (96c:52026)},
MRREVIEWER = {Colin J. H. McDiarmid},
       DOI = {10.1287/moor.19.4.769},
       URL = {http://dx.doi.org/10.1287/moor.19.4.769},
}

@article {MR0438811,
    AUTHOR = {Wrathall, Celia},
     TITLE = {Complete sets and the polynomial-time hierarchy},
   JOURNAL = {Theoret. Comput. Sci.},
  FJOURNAL = {Theoretical Computer Science},
    VOLUME = {3},
      YEAR = {1976},
    NUMBER = {1},
     PAGES = {23--33 (1977)},
      ISSN = {0304-3975},
   MRCLASS = {68A20},
  MRNUMBER = {0438811 (55 \#11717)},
MRREVIEWER = {John T. Gill},
}

@article {MR1234309,
    AUTHOR = {Morelli, Robert},
     TITLE = {Pick's theorem and the {T}odd class of a toric variety},
   JOURNAL = {Adv. Math.},
  FJOURNAL = {Advances in Mathematics},
    VOLUME = {100},
      YEAR = {1993},
    NUMBER = {2},
     PAGES = {183--231},
      ISSN = {0001-8708},
     CODEN = {ADMTA4},
   MRCLASS = {14M25 (14C40 52B20)},
  MRNUMBER = {1234309 (94j:14048)},
MRREVIEWER = {G. K. Sankaran},
       DOI = {10.1006/aima.1993.1033},
       URL = {http://dx.doi.org/10.1006/aima.1993.1033},
}

@article {MR2464645,
    AUTHOR = {Eisenbrand, Friedrich and Shmonin, Gennady},
     TITLE = {Parametric integer programming in fixed dimension},
   JOURNAL = {Math. Oper. Res.},
  FJOURNAL = {Mathematics of Operations Research},
    VOLUME = {33},
      YEAR = {2008},
    NUMBER = {4},
     PAGES = {839--850},
      ISSN = {0364-765X},
   MRCLASS = {90C10 (90C60)},
  MRNUMBER = {2464645 (2009j:90078)},
MRREVIEWER = {K. G. Murty},
       DOI = {10.1287/moor.1080.0320},
       URL = {http://dx.doi.org/10.1287/moor.1080.0320},
}

@article {MR1179254,
    AUTHOR = {Kannan, Ravi},
     TITLE = {Lattice translates of a polytope and the {F}robenius problem},
   JOURNAL = {Combinatorica},
  FJOURNAL = {Combinatorica. An International Journal on Combinatorics and
              the Theory of Computing},
    VOLUME = {12},
      YEAR = {1992},
    NUMBER = {2},
     PAGES = {161--177},
      ISSN = {0209-9683},
     CODEN = {COMBDI},
   MRCLASS = {52B55 (52C07 90C60)},
  MRNUMBER = {1179254 (93k:52015)},
MRREVIEWER = {Gerard Sierksma},
       DOI = {10.1007/BF01204720},
       URL = {http://dx.doi.org/10.1007/BF01204720},
}

@article {MR839604,
    AUTHOR = {Cook, William and Gerards, Albert M. H. and Schrijver, Alexander and Tardos,
              {\'E}va},
     TITLE = {Sensitivity theorems in integer linear programming},
   JOURNAL = {Math. Programming},
  FJOURNAL = {Mathematical Programming},
    VOLUME = {34},
      YEAR = {1986},
    NUMBER = {3},
     PAGES = {251--264},
      ISSN = {0025-5610},
     CODEN = {MHPGA4},
   MRCLASS = {90C10},
  MRNUMBER = {839604 (87i:90159)},
MRREVIEWER = {C. B. Millham},
       DOI = {10.1007/BF01582230},
       URL = {http://dx.doi.org/10.1007/BF01582230},
}

@incollection {MR1105115,
    AUTHOR = {Kannan, Ravi},
     TITLE = {Test sets for integer programs, {$\forall\exists$} sentences},
 BOOKTITLE = {Polyhedral combinatorics ({M}orristown, {NJ}, 1989)},
    SERIES = {DIMACS Ser. Discrete Math. Theoret. Comput. Sci.},
    VOLUME = {1},
     PAGES = {39--47},
 PUBLISHER = {Amer. Math. Soc.},
   ADDRESS = {Providence, RI},
      YEAR = {1990},
   MRCLASS = {90C10 (03D15)},
  MRNUMBER = {1105115 (92c:90079)},
MRREVIEWER = {Joachim Piehler},
}

@incollection {MR2011752,
    AUTHOR = {Kaibel, Volker and Pfetsch, Marc E.},
     TITLE = {Some algorithmic problems in polytope theory},
 BOOKTITLE = {Algebra, geometry, and software systems},
     PAGES = {23--47},
 PUBLISHER = {Springer},
   ADDRESS = {Berlin},
      YEAR = {2003},
   MRCLASS = {52B55 (68Q25 90C57)},
  MRNUMBER = {2011752 (2004i:52012)},
}

@article {MR1450863,
    AUTHOR = {Sch{\"o}ning, U.},
     TITLE = {Complexity of {P}resburger arithmetic with fixed quantifier
              dimension},
   JOURNAL = {Theory Comput. Syst.},
  FJOURNAL = {Theory of Computing Systems},
    VOLUME = {30},
      YEAR = {1997},
    NUMBER = {4},
     PAGES = {423--428},
      ISSN = {1432-4350},
     CODEN = {TCSYFI},
   MRCLASS = {03D15 (03F30 68Q15 68Q25)},
  MRNUMBER = {1450863 (98k:03092)},
       DOI = {10.1007/s002240000059},
       URL = {http://dx.doi.org/10.1007/s002240000059},
}

@article {MR946203,
    AUTHOR = {Gr{\"a}del, Erich},
     TITLE = {Subclasses of {P}resburger arithmetic and the polynomial-time
              hierarchy},
   JOURNAL = {Theoret. Comput. Sci.},
  FJOURNAL = {Theoretical Computer Science},
    VOLUME = {56},
      YEAR = {1988},
    NUMBER = {3},
     PAGES = {289--301},
      ISSN = {0304-3975},
     CODEN = {TCSDI},
   MRCLASS = {03D15 (03F30 68Q15)},
  MRNUMBER = {946203 (89m:03030)},
MRREVIEWER = {Peter Slessenger},
       DOI = {10.1016/0304-3975(88)90136-3},
       URL = {http://dx.doi.org/10.1016/0304-3975(88)90136-3},
}

@article {Santos10,
  author =       {Francisco Santos},
  title =        {A counterexample to the {H}irsch conjecture},
   ABBRJOURNAL = {Ann. of Math.},
  JOURNAL = {Annals of Mathematics},
    VOLUME = {176},
      YEAR = {2012},
    NUMBER = {1},
     PAGES = {383--412},
       DOI = {10.4007/annals.2012.176.1.7},
}

@article {MR1486304,
    AUTHOR = {Orlin, James B.},
     TITLE = {A polynomial time primal network simplex algorithm for minimum
              cost flows},
      NOTE = {Network optimization: algorithms and applications (San
              Miniato, 1993)},
    JOURNAL = {Mathematical Programming},
    VOLUME = {78},
      YEAR = {1997},
    NUMBER = {2, Ser. B},
     PAGES = {109--129},
      ISSN = {0025-5610},
     CODEN = {MHPGA4},
   MRCLASS = {90C35 (68Q25)},
  MRNUMBER = {1486304 (99c:90149)},
MRREVIEWER = {Prabir Das},
       DOI = {10.1016/S0025-5610(97)00011-7},
       URL = {http://dx.doi.org/10.1016/S0025-5610(97)00011-7},
}

@article {MR2223631,
    AUTHOR = {Brightwell, Graham and van den Heuvel, Jan and Stougie, Leen},
     TITLE = {A linear bound on the diameter of the transportation polytope},
   JOURNAL = {Combinatorica},
  FJOURNAL = {Combinatorica. An International Journal on Combinatorics and
              the Theory of Computing},
    VOLUME = {26},
      YEAR = {2006},
    NUMBER = {2},
     PAGES = {133--139},
      ISSN = {0209-9683},
   MRCLASS = {90C27 (90C08)},
  MRNUMBER = {2223631 (2008c:90052)},
MRREVIEWER = {Sheng Bau},
       DOI = {10.1007/s00493-006-0010-5},
       URL = {http://dx.doi.org/10.1007/s00493-006-0010-5},
}

@article {MR769400,
    AUTHOR = {Balinski, Michel Louis},
     TITLE = {The {H}irsch conjecture for dual transportation polyhedra},
   JOURNAL = {Math. Oper. Res.},
  FJOURNAL = {Mathematics of Operations Research},
    VOLUME = {9},
      YEAR = {1984},
    NUMBER = {4},
     PAGES = {629--633},
      ISSN = {0364-765X},
   MRCLASS = {90B10 (05C35 52A25)},
  MRNUMBER = {769400 (86c:90038)},
MRREVIEWER = {E. Gabowitsch},
       DOI = {10.1287/moor.9.4.629},
       URL = {http://dx.doi.org/10.1287/moor.9.4.629},
}

@article {MR2568801,
    AUTHOR = {De Loera, Jes{\'u}s A. and Kim, Edward D. and Onn, Shmuel and
              Santos, Francisco},
     TITLE = {Graphs of transportation polytopes},
   JOURNAL = {J. Combin. Theory Ser. A},
  FJOURNAL = {Journal of Combinatorial Theory. Series A},
    VOLUME = {116},
      YEAR = {2009},
    NUMBER = {8},
     PAGES = {1306--1325},
      ISSN = {0097-3165},
     CODEN = {JCBTA7},
   MRCLASS = {05C12 (05C90 90B06)},
  MRNUMBER = {2568801 (2010m:05094)},
       DOI = {10.1016/j.jcta.2009.03.010},
       URL = {http://dx.doi.org/10.1016/j.jcta.2009.03.010},
}

@article {MR2681516,
    AUTHOR = {Kim, Edward D. and Santos, Francisco},
     TITLE = {An update on the {H}irsch conjecture},
   JOURNAL = {Jahresber. Dtsch. Math.-Ver.},
  FJOURNAL = {Jahresbericht der Deutschen Mathematiker-Vereinigung},
    VOLUME = {112},
      YEAR = {2010},
    NUMBER = {2},
     PAGES = {73--98},
      ISSN = {0012-0456},
   MRCLASS = {52B05 (05C10 05C12 90C08)},
  MRNUMBER = {2681516 (2011f:52014)},
}

@article {MR1130448,
  AUTHOR =	 {Kalai, Gil and Kleitman, Daniel J.},
  TITLE =	 {A quasi-polynomial bound for the diameter of graphs
                  of polyhedra},
  JOURNAL =	 {Bull. Amer. Math. Soc. (N.S.)},
  FJOURNAL =	 {American Mathematical Society. Bulletin. New Series},
  VOLUME =	 26,
  YEAR =	 1992,
  NUMBER =	 2,
  PAGES =	 {315--316},
  ISSN =	 {0273-0979},
  CODEN =	 {BAMOAD},
  MRCLASS =	 {52B55},
  MRNUMBER =	 {MR1130448 (92h:52017)},
  MRREVIEWER =	 {W. J. Firey},
}

@article {MR2529774,
    AUTHOR = {Vershynin, Roman},
     TITLE = {Beyond {H}irsch conjecture: walks on random polytopes and
              smoothed complexity of the simplex method},
   JOURNAL = {SIAM J. Comput.},
  FJOURNAL = {SIAM Journal on Computing},
    VOLUME = {39},
      YEAR = {2009},
    NUMBER = {2},
     PAGES = {646--678},
      ISSN = {0097-5397},
   MRCLASS = {68Q25 (52A22 68W40)},
  MRNUMBER = {2529774 (2011g:68123)},
       DOI = {10.1137/070683386},
       URL = {http://dx.doi.org/10.1137/070683386},
}

@article {MR1274170,
    AUTHOR = {Dyer, Martin and Frieze, Alan},
     TITLE = {Random walks, totally unimodular matrices, and a randomised
              dual simplex algorithm},
   SJOURNAL = {Math. Programming},
  JOURNAL = {Mathematical Programming},
    VOLUME = {64},
      YEAR = {1994},
    NUMBER = {1, Ser. A},
     PAGES = {1--16},
      ISSN = {0025-5610},
     CODEN = {MHPGA4},
   MRCLASS = {90C05 (60J15)},
  MRNUMBER = {1274170 (95c:90068)},
MRREVIEWER = {Douglas John White},
       DOI = {10.1007/BF01582563},
       URL = {http://dx.doi.org/10.1007/BF01582563},
}

@article {MR0355826,
    AUTHOR = {Barnette, David},
     TITLE = {An upper bound for the diameter of a polytope},
   JOURNAL = {Discrete Math.},
  FJOURNAL = {Discrete Mathematics},
    VOLUME = {10},
      YEAR = {1974},
     PAGES = {9--13},
      ISSN = {0012-365X},
   MRCLASS = {52A25},
  MRNUMBER = {0355826 (50 \#8300)},
MRREVIEWER = {P. McMullen},
}

@article {MR0254735,
  AUTHOR =	 {Larman, David G.},
  TITLE =	 {Paths of polytopes},
  JOURNAL =	 {Proc. London Math. Soc. (3)},
  FJOURNAL =	 {Proceedings of the London Mathematical
                  Society. Third Series},
  VOLUME =	 {20},
  YEAR =	 {1970},
  PAGES =	 {161--178},
  ISSN =	 {0024-6115},
  MRCLASS =	 {52.10},
  MRNUMBER =	 {MR0254735 (40 \#7942)},
  MRREVIEWER =	 {P. McMullen},
}

@ARTICLE{Naddef89,
  AUTHOR =	 {Denis Naddef},
  JOURNAL =	 {Mathematical Programming},
  PAGES =	 {109-110},
  TITLE =	 {The {H}irsch conjecture is true for (0,1)-polytopes},
  VOLUME =	 {45},
  YEAR =	 {1989}
}

@Article{EHRR10,
  author = 	 {Friedrich Eisenbrand and Nicolai H{\"a}hnle and Alexander Razborov and Thomas Rothvo\ss},
  title = 	 {Diameter of Polyhedra: {L}imits of Abstraction},
  journal = 	 {Mathematics of Operations Research},
  year = 	 2010,
  volume = 	 35,
  number = 	 4,
  pages = 	 {786-794}
}

@article {MR0206823,
    AUTHOR = {Klee, Victor and Walkup, David W.},
     TITLE = {The {$d$}-step conjecture for polyhedra of dimension
              {$d<6$}},
   JOURNAL = {Acta Math.},
  FJOURNAL = {Acta Mathematica},
    VOLUME = {117},
      YEAR = {1967},
     PAGES = {53--78},
      ISSN = {0001-5962},
   MRCLASS = {52.40 (52.10)},
  MRNUMBER = {0206823 (34 \#6639)},
MRREVIEWER = {G. T. Sallee},
}

@article{lovasz1993random,
  title={Random walks in a convex body and an improved volume algorithm},
  author={Lov{\'a}sz, L{\'a}szl{\'o} and Simonovits, M.},
  journal={Random structures \& algorithms},
  volume={4},
  number={4},
  pages={359--412},
  year={1993},
  publisher={Wiley Online Library}
}

@article{merkle1996logarithmic,
  title={Logarithmic convexity and inequalities for the gamma function},
  author={Merkle, Milan},
  journal={Journal of mathematical analysis and applications},
  volume={203},
  number={2},
  pages={369--380},
  year={1996},
  publisher={New York, Academic Press.}
}

@incollection {MR1116365,
    AUTHOR = {Kalai, Gil},
     TITLE = {The diameter of graphs of convex polytopes and {$f$}-vector
              theory},
 BOOKTITLE = {Applied geometry and discrete mathematics},
    SERIES = {DIMACS Ser. Discrete Math. Theoret. Comput. Sci.},
    VOLUME = {4},
     PAGES = {387--411},
 PUBLISHER = {Amer. Math. Soc.},
   ADDRESS = {Providence, RI},
      YEAR = {1991},
   MRCLASS = {52B05},
  MRNUMBER = {1116365 (92h:52010)},
MRREVIEWER = {Bernd Kind},
}

@incollection {MR2077562,
    AUTHOR = {Kaibel, Volker},
     TITLE = {On the expansion of graphs of 0/1-polytopes},
 BOOKTITLE = {The sharpest cut},
    SERIES = {MPS/SIAM Ser. Optim.},
     PAGES = {199--216},
 PUBLISHER = {SIAM},
   ADDRESS = {Philadelphia, PA},
      YEAR = {2004},
   MRCLASS = {05C50 (05C40 52B11 52B12 52B60 68W20)},
  MRNUMBER = {2077562 (2005f:05101)},
MRREVIEWER = {Mark R. Jerrum},
}

@article{figiel1977dimension,
 title={The dimension of almost spherical sections of convex bodies},
 author={Figiel, Tadeusz and Lindenstrauss, Joram and Milman, Vitali D.},
 journal={Acta Mathematica},
 volume={139},
 number={1},
 pages={53--94},
 year={1977},
 publisher={Springer}
}

@book{Federer,
   title = {Geometric Measure Theory},
   author = {Federer, Herbert},
   year = {1969},
   publisher = {Springer},
}

@book {MR0201189,
    AUTHOR = {Dantzig, George B.},
     TITLE = {Linear programming and extensions},
 PUBLISHER = {Princeton University Press},
   ADDRESS = {Princeton, N.J.},
      YEAR = {1963},
     PAGES = {xvi+625},
   MRCLASS = {90.50},
  MRNUMBER = {0201189 (34 \#1073)},
MRREVIEWER = {P. L. Iv{\v{a}}nescu},
}

@incollection {MR0332165,
  AUTHOR =	 {Klee, Victor and Minty, George J.},
  TITLE =	 {How good is the simplex algorithm?},
  BOOKTITLE =	 {Inequalities, III (Proc. Third Sympos.,
                  Univ. California, Los Angeles, Calif., 1969;
                  dedicated to the memory of Theodore S. Motzkin)},
  PAGES =	 {159--175},
  PUBLISHER =	 {Academic Press},
  ADDRESS =	 {New York},
  YEAR =	 1972
}

@inproceedings{Friedmann:2011:SLB:2133036.2133055,
  author = {Friedmann, Oliver and Hansen, Thomas Dueholm and Zwick, Uri},
  title = {A subexponential lower bound for the random facet algorithm for parity games},
  booktitle = {Proceedings of the Twenty-Second Annual ACM-SIAM Symposium on Discrete Algorithms},
  series = {SODA '11},
  year = {2011},
  location = {San Francisco, California},
  pages = {202--216},
  numpages = {15},
  url = {http://dl.acm.org/citation.cfm?id=2133036.2133055},
  acmid = {2133055},
  publisher = {SIAM},
}

@incollection {MR1661377,
    AUTHOR = {Amenta, Nina and Ziegler, G{\"u}nter M.},
     TITLE = {Deformed products and maximal shadows of polytopes},
 BOOKTITLE = {Advances in discrete and computational geometry ({S}outh
              {H}adley, {MA}, 1996)},
    SERIES = {Contemp. Math.},
    VOLUME = {223},
     PAGES = {57--90},
 PUBLISHER = {Amer. Math. Soc.},
   ADDRESS = {Providence, RI},
      YEAR = {1999},
   MRCLASS = {52B05 (52B55 65D18)},
  MRNUMBER = {1661377 (2000a:52019)},
MRREVIEWER = {P. McMullen},
}

@inproceedings{Kalai:1992:SRS:129712.129759,
  author = {Kalai, Gil},
  title = {A subexponential randomized simplex algorithm (extended abstract)},
  booktitle = {Proceedings of the twenty-fourth annual ACM symposium on Theory of computing},
  series = {STOC '92},
  year = {1992},
  isbn = {0-89791-511-9},
  location = {Victoria, British Columbia, Canada},
  pages = {475--482},
  numpages = {8},
  url = {http://doi.acm.org/10.1145/129712.129759},
  doi = {10.1145/129712.129759},
  acmid = {129759},
  publisher = {ACM},
  address = {New York, NY, USA},
}

@article {MR1407586,
    AUTHOR = {Matou{\v{s}}ek, Ji{\v{r}}i and Sharir, Micha and Welzl, Emo},
     TITLE = {A subexponential bound for linear programming},
   JOURNAL = {Algorithmica},
  FJOURNAL = {Algorithmica. An International Journal in Computer Science},
    VOLUME = {16},
      YEAR = {1996},
    NUMBER = {4-5},
     PAGES = {498--516},
      ISSN = {0178-4617},
     CODEN = {ALGOEJ},
   MRCLASS = {90C08 (68Q25 68U05 90C27)},
  MRNUMBER = {1407586 (97f:90052)},
       DOI = {10.1007/s004539900062},
       URL = {http://dx.doi.org/10.1007/s004539900062},
}

@book {MR868467,
    AUTHOR = {Borgwardt, Karl-Heinz},
     TITLE = {The simplex method: A probabilistic analysis},
    SERIES = {Algorithms and Combinatorics: Study and Research Texts},
    VOLUME = {1},
 PUBLISHER = {Springer-Verlag},
   ADDRESS = {Berlin},
      YEAR = {1987},
     PAGES = {xii+268},
      ISBN = {3-540-17096-0},
   MRCLASS = {90C05},
  MRNUMBER = {868467 (88k:90110)},
MRREVIEWER = {J{\"u}rgen K{\"o}hler},
}

@article {MR2145860,
    AUTHOR = {Spielman, Daniel A. and Teng, Shang-Hua},
     TITLE = {Smoothed analysis of algorithms: why the simplex algorithm
              usually takes polynomial time},
   JOURNAL = {J. ACM},
  FJOURNAL = {Journal of the ACM},
    VOLUME = {51},
      YEAR = {2004},
    NUMBER = {3},
     PAGES = {385--463 (electronic)},
      ISSN = {0004-5411},
   MRCLASS = {90C05 (68W40 90C60)},
  MRNUMBER = {2145860 (2006f:90029)},
MRREVIEWER = {Panos M. Pardalos},
       DOI = {10.1145/990308.990310},
       URL = {http://dx.doi.org/10.1145/990308.990310},
}

@Article{Khachiyan79,
  author = 	 {Leonid Genrikhovich Khachiyan},
  title = 	 {A polynomial algorithm in linear programming},
  journal = 	 {Doklady Akademii Nauk SSSR},
  year = 	 1979,
  volume =	 244,
  pages =	 {1093-1097}
}

@article {MR779900,
    AUTHOR = {Karmarkar, Narendra},
     TITLE = {A new polynomial-time algorithm for linear programming},
   JOURNAL = {Combinatorica},
  FJOURNAL = {Combinatorica. An International Journal of the J\'anos Bolyai
              Mathematical Society},
    VOLUME = {4},
      YEAR = {1984},
    NUMBER = {4},
     PAGES = {373--395},
      ISSN = {0209-9683},
     CODEN = {COMBDI},
   MRCLASS = {90C05},
  MRNUMBER = {779900 (86i:90072)},
MRREVIEWER = {K. G. Murty},
       DOI = {10.1007/BF02579150},
       URL = {http://dx.doi.org/10.1007/BF02579150},
}

@incollection {MR780411,
    AUTHOR = {Karmarkar, Narendra and Karp, Richard M.},
     TITLE = {An efficient approximation scheme for the one-dimensional
              bin-packing problem},
 BOOKTITLE = {23rd {A}nnual {S}ymposium on {F}oundations of {C}omputer {S}cience
              ({C}hicago, {I}ll., 1982)},
     PAGES = {312--320},
 PUBLISHER = {IEEE},
   ADDRESS = {New York},
      YEAR = {1982},
   MRCLASS = {68Q20 (68R05 90B35)},
  MRNUMBER = {780411},
}

@inproceedings{Kelner:2006:RPS:1132516.1132524,
  author = {Kelner, Jonathan A. and Spielman, Daniel A.},
  title = {A randomized polynomial-time simplex algorithm for linear programming},
  booktitle = {Proceedings of the thirty-eighth annual ACM symposium on Theory of computing},
  series = {STOC '06},
  year = {2006},
  isbn = {1-59593-134-1},
  location = {Seattle, WA, USA},
  pages = {51--60},
  numpages = {10},
  url = {http://doi.acm.org/10.1145/1132516.1132524},
  doi = {10.1145/1132516.1132524},
  acmid = {1132524},
  publisher = {ACM},
  address = {New York, NY, USA},
}

@article{Bertsimas:2004:SCP:1008731.1008733,
  author = {Bertsimas, Dimitris and Vempala, Santosh},
  title = {Solving convex programs by random walks},
  journal = {J. ACM},
  issue_date = {July 2004},
  volume = {51},
  number = {4},
  month = jul,
  year = {2004},
  issn = {0004-5411},
  pages = {540--556},
  numpages = {17},
  url = {http://doi.acm.org/10.1145/1008731.1008733},
  doi = {10.1145/1008731.1008733},
  acmid = {1008733},
  publisher = {ACM},
  address = {New York, NY, USA},
  keywords = {Convex programs, polynomial time, random walks},
}

@article {MR727410,
    AUTHOR = {Lenstra, Jr., Hendrik Willem},
     TITLE = {Integer programming with a fixed number of variables},
   JOURNAL = {Math. Oper. Res.},
  FJOURNAL = {Mathematics of Operations Research},
    VOLUME = {8},
      YEAR = {1983},
    NUMBER = {4},
     PAGES = {538--548},
      ISSN = {0364-765X},
   MRCLASS = {90C10},
  MRNUMBER = {727410 (86f:90106)},
       DOI = {10.1287/moor.8.4.538},
       URL = {http://dx.doi.org/10.1287/moor.8.4.538},
}

@article {MR906415,
    AUTHOR = {Kannan, Ravi},
     TITLE = {Minkowski's convex body theorem and integer programming},
   JOURNAL = {Math. Oper. Res.},
  FJOURNAL = {Mathematics of Operations Research},
    VOLUME = {12},
      YEAR = {1987},
    NUMBER = {3},
     PAGES = {415--440},
      ISSN = {0364-765X},
   MRCLASS = {90C10 (68Q25)},
  MRNUMBER = {906415 (89c:90078)},
MRREVIEWER = {Uwe Zimmermann},
       DOI = {10.1287/moor.12.3.415},
       URL = {http://dx.doi.org/10.1287/moor.12.3.415},
}

@inproceedings {MR2120363,
    AUTHOR = {Ajtai, Mikl{\'o}s and Kumar, Ravi and Sivakumar, D.},
     TITLE = {A sieve algorithm for the shortest lattice vector problem},
 BOOKTITLE = {Proceedings of the {T}hirty-{T}hird {A}nnual {ACM} {S}ymposium
              on {T}heory of {C}omputing},
     PAGES = {601--610 (electronic)},
 PUBLISHER = {ACM},
   ADDRESS = {New York},
      YEAR = {2001},
   MRCLASS = {68W20 (68Q25 94B40)},
  MRNUMBER = {2120363 (2005k:68224)},
       DOI = {10.1145/380752.380857},
       URL = {http://dx.doi.org/10.1145/380752.380857},
}

@article {MR2508524,
    AUTHOR = {Bl{\"o}mer, Johannes and Naewe, Stefanie},
     TITLE = {Sampling methods for shortest vectors, closest vectors and
              successive minima},
   JOURNAL = {Theoret. Comput. Sci.},
  FJOURNAL = {Theoretical Computer Science},
    VOLUME = {410},
      YEAR = {2009},
    NUMBER = {18},
     PAGES = {1648--1665},
      ISSN = {0304-3975},
     CODEN = {TCSDI},
   MRCLASS = {68Q25 (11H06 68W25)},
  MRNUMBER = {2508524 (2010e:68081)},
MRREVIEWER = {S. V. Nagaraj},
       DOI = {10.1016/j.tcs.2008.12.045},
       URL = {http://dx.doi.org/10.1016/j.tcs.2008.12.045},
}

@incollection {MR2743283,
    AUTHOR = {Micciancio, Daniele and Voulgaris, Panagiotis},
     TITLE = {A deterministic single exponential time algorithm for most
              lattice problems based on {V}oronoi cell computations
              [extended abstract]},
 BOOKTITLE = {S{TOC}'10---{P}roceedings of the 2010 {ACM} {I}nternational
              {S}ymposium on {T}heory of {C}omputing},
     PAGES = {351--358},
 PUBLISHER = {ACM},
   ADDRESS = {New York},
      YEAR = {2010},
   MRCLASS = {68Q25 (68P25)},
  MRNUMBER = {2743283},
}

@inproceedings{DPV10,
  author    = {Daniel Dadush and
               Chris Peikert and
               Santosh Vempala},
  title     = {Enumerative Lattice Algorithms in any Norm Via M-ellipsoid
               Coverings},
  booktitle = {FOCS},
  year      = {2011},
  pages     = {580-589},
  ee        = {http://dx.doi.org/10.1109/FOCS.2011.31},
  crossref  = {DBLP:conf/focs/2011},
  bibsource = {DBLP, http://dblp.uni-trier.de}
}

@proceedings{DBLP:conf/focs/2011,
  editor    = {Rafail Ostrovsky},
  title     = {IEEE 52nd Annual Symposium on Foundations of Computer Science,
               FOCS 2011, Palm Springs, CA, USA, October 22-25, 2011},
  booktitle = {FOCS},
  publisher = {IEEE},
  year      = {2011},
  isbn      = {978-1-4577-1843-4},
  ee        = {http://ieeexplore.ieee.org/xpl/mostRecentIssue.jsp?punumber=6108120},
  bibsource = {DBLP, http://dblp.uni-trier.de}
}

@article {MR2433777,
    AUTHOR = {F{\"u}redi, Zolt{\'a}n and Kang, Jeong-Hyun},
     TITLE = {Covering the {$n$}-space by convex bodies and its chromatic
              number},
   JOURNAL = {Discrete Math.},
  FJOURNAL = {Discrete Mathematics},
    VOLUME = {308},
      YEAR = {2008},
    NUMBER = {19},
     PAGES = {4495--4500},
      ISSN = {0012-365X},
     CODEN = {DSMHA4},
   MRCLASS = {52C17 (05C15 05C62)},
  MRNUMBER = {2433777 (2009c:52031)},
MRREVIEWER = {Tiong Seng Tay},
       DOI = {10.1016/j.disc.2007.08.048},
       URL = {http://dx.doi.org/10.1016/j.disc.2007.08.048},
}

@techreport{vEB81,
  author= {van Emde Boas, Peter},
  title = {Another \textsc{NP}-Complete Problem and the Complexity of Computing Short Vectors in a Lattice},
  institution = {Mathematische Instituut, University of Amsterdam },
  number = {81-04},
  year = {1981}
}

@article {er61,
    AUTHOR = {Erd{\H{o}}s, Paul and Rogers, Claude Ambrose},
     TITLE = {Covering space with convex bodies},
   JOURNAL = {Acta Arith.},
  FJOURNAL = {Polska Akademia Nauk. Instytut Matematyczny. Acta Arithmetica},
    VOLUME = {7},
      YEAR = {1961/1962},
     PAGES = {281--285},
      ISSN = {0065-1036},
   MRCLASS = {52.45},
  MRNUMBER = {0149373 (26 \#6863)},
MRREVIEWER = {E. G. Straus},
}

@inproceedings{aks02,
  author={Ajtai, Mikl{\'o}s and Kumar, Ravi and Sivakumar, D.},
  booktitle={Computational Complexity, 2002. Proceedings. 17th IEEE Annual Conference on},
  title={Sampling short lattice vectors and the closest lattice vector problem},
  year={2002},
  volume={},
  number={},
  pages={41 -45},
  keywords={SVP algorithm;Turing reduction;closest lattice vector problem;complexity;deterministic algorithm;randomized algorithm;shortest lattice vector problem;subroutine;time bound;computational complexity;deterministic algorithms;randomised algorithms;subroutines;},
  doi={10.1109/CCC.2002.1004339},
  ISSN={},
}

@phdthesis{aroraPhD,
  author = {Arora, Sanjeev},
  title = {Probabilistic checking of proofs and the hardness of approximation problems},
  school = {UC Berkeley},
  year = {1994}
}

@article {dkrs03,
    AUTHOR = {Dinur, Irit and Kindler, Guy and Raz, Ran and Safra, Shmuel},
     TITLE = {Approximating {CVP} to within almost-polynomial factors is
              {NP}-hard},
   JOURNAL = {Combinatorica},
  FJOURNAL = {Combinatorica. An International Journal on Combinatorics and
              the Theory of Computing},
    VOLUME = {23},
      YEAR = {2003},
    NUMBER = {2},
     PAGES = {205--243},
      ISSN = {0209-9683},
   MRCLASS = {68Q17},
  MRNUMBER = {2001908 (2004h:68046)},
MRREVIEWER = {Johan H{\aa}stad},
       DOI = {10.1007/s00493-003-0019-y},
       URL = {http://dx.doi.org/10.1007/s00493-003-0019-y},
}

@article {MR677658,
    AUTHOR = {Karp, Richard M. and Papadimitriou, Christos H.},
     TITLE = {On linear characterizations of combinatorial optimization
              problems},
   JOURNAL = {SIAM J. Comput.},
  FJOURNAL = {SIAM Journal on Computing},
    VOLUME = {11},
      YEAR = {1982},
    NUMBER = {4},
     PAGES = {620--632},
      ISSN = {0097-5397},
     CODEN = {SMJCAT},
   MRCLASS = {90C10 (90C05)},
  MRNUMBER = {677658 (83k:90070)},
       DOI = {10.1137/0211053},
       URL = {http://dx.doi.org/10.1137/0211053},
}

@techreport{PadbergRao81,
  author =       {Padberg, Manfred Wilhelm and  Rao, Mendu Rammohan},
  title =        {The {R}ussian method for linear inequalities {III}: {B}ounded integer programming},
  institution =  {INRIA},
  year =         1981,
  type =         {Rapports de Recherche},
  number =       {78}
}

@article {MR625550,
    AUTHOR = {Gr{\"o}tschel, Martin and Lov{\'a}sz, L{\'a}szl{\'o} and Schrijver, Alexander},
     TITLE = {The ellipsoid method and its consequences in combinatorial
              optimization},
   JOURNAL = {Combinatorica},
  FJOURNAL = {Combinatorica. An International Journal of the J\'anos Bolyai
              Mathematical Society},
    VOLUME = {1},
      YEAR = {1981},
    NUMBER = {2},
     PAGES = {169--197},
      ISSN = {0209-9683},
     CODEN = {COMBDI},
   MRCLASS = {90C05 (05Cxx)},
  MRNUMBER = {625550 (84a:90044)},
       DOI = {10.1007/BF02579273},
       URL = {http://dx.doi.org/10.1007/BF02579273},
}

@article {MR2386164,
    AUTHOR = {Dunagan, John and Vempala, Santosh},
     TITLE = {A simple polynomial-time rescaling algorithm for solving
              linear programs},
   JOURNAL = {Math. Program.},
  FJOURNAL = {Mathematical Programming. A Publication of the Mathematical
              Programming Society},
    VOLUME = {114},
      YEAR = {2008},
    NUMBER = {1, Ser. A},
     PAGES = {101--114},
      ISSN = {0025-5610},
   MRCLASS = {90C05 (68Q32 68T05)},
  MRNUMBER = {2386164 (2009b:90061)},
       DOI = {10.1007/s10107-007-0095-7},
       URL = {http://dx.doi.org/10.1007/s10107-007-0095-7},
}

@incollection {MR1491097,
    AUTHOR = {Ball, Keith},
     TITLE = {An elementary introduction to modern convex geometry},
 BOOKTITLE = {Flavors of geometry},
    SERIES = {Math. Sci. Res. Inst. Publ.},
    VOLUME = {31},
     PAGES = {1--58},
 PUBLISHER = {Cambridge Univ. Press},
   ADDRESS = {Cambridge},
      YEAR = {1997},
   MRCLASS = {52-02 (46B07 52A21 52A40)},
  MRNUMBER = {1491097 (99f:52002)},
MRREVIEWER = {Peter M. Gruber},
}

@article {MR0124818,
    AUTHOR = {Gr{\"u}nbaum, Branko},
     TITLE = {Partitions of mass-distributions and of convex bodies by
              hyperplanes. },
   JOURNAL = {Pacific J. Math.},
  FJOURNAL = {Pacific Journal of Mathematics},
    VOLUME = {10},
      YEAR = {1960},
     PAGES = {1257--1261},
      ISSN = {0030-8730},
   MRCLASS = {53.90 (52.40)},
  MRNUMBER = {0124818 (23 \#A2128)},
MRREVIEWER = {H. G. Eggleston},
}


@InProceedings{ER10,
  author =       {Friedrich Eisenbrand and Thomas Rothvo\ss},
  title =        {{EDF}-schedulability of synchronous periodic task systems is {coNP}-hard},
  booktitle =    {ACM-SIAM Symposium on Discrete Algorithms (SODA 10)},
  pages =         {1227-1234},
  year =         2010
}


@ARTICLE{Lagarias85,
  AUTHOR =       {Jeffrey Clark Lagarias},
  JOURNAL =      {SIAM J. Computing},
  NUMBER =       {1},
  PAGES =        {196 -- 209},
  TITLE =        {The computational complexity of simultaneous
                  {D}iophantine approximation problems},
  VOLUME =       {14},
  YEAR =         {1985}
}

@article {MR2312001,
    AUTHOR = {Verdoolaege, Sven and Seghir, Rachid and Beyls, Kristof and
              Loechner, Vincent and Bruynooghe, Maurice},
     TITLE = {Counting integer points in parametric polytopes using
              {B}arvinok's rational functions},
   JOURNAL = {Algorithmica},
  FJOURNAL = {Algorithmica. An International Journal in Computer Science},
    VOLUME = {48},
      YEAR = {2007},
    NUMBER = {1},
     PAGES = {37--66},
      ISSN = {0178-4617},
     CODEN = {ALGOEJ},
   MRCLASS = {52C07 (05A15 68N20 90C10)},
  MRNUMBER = {2312001 (2008h:52019)},
MRREVIEWER = {Kevin Woods},
       DOI = {10.1007/s00453-006-1231-0},
       URL = {http://dx.doi.org/10.1007/s00453-006-1231-0},
}

@book {MR2445243,
    AUTHOR = {Hardy, Godfrey Harold and Wright, Edward Maitland},
     TITLE = {An introduction to the theory of numbers},
   EDITION = {Sixth},
      NOTE = {Revised by D. R. Heath-Brown and J. H. Silverman,
              With a foreword by Andrew Wiles},
 PUBLISHER = {Oxford University Press},
   ADDRESS = {Oxford},
      YEAR = {2008},
     PAGES = {xxii+621},
      ISBN = {978-0-19-921986-5},
   MRCLASS = {11-01},
  MRNUMBER = {2445243 (2009i:11001)},
}

@BOOK{Schrijver86,
  AUTHOR =       {Alexander Schrijver},
  PUBLISHER =    {John Wiley},
  TITLE =        {Theory of Linear and Integer Programming},
  YEAR =         {1986}
}

@article{ManiWalkup1980,
  title = {A 3-Sphere Counterexample to the Wv-Path Conjecture},
  author = {Mani, Peter and Walkup, David W.},
  journal = {Mathematics of Operations Research},
  jstor_issuetitle = {},
  volume = {5},
  number = {4},
  jstor_formatteddate = {Nov., 1980},
  pages = {pp. 595-598},
  url = {http://www.jstor.org/stable/3689330},
  ISSN = {0364765X},
  language = {English},
  year = {1980},
  publisher = {INFORMS},
  copyright = {Copyright © 1980 INFORMS},
}

@inproceedings{BDEHN12,
  author = {Bonifas, Nicolas and Di Summa, Marco and Eisenbrand, Friedrich and H\"{a}hnle, Nicolai and Niemeier, Martin},
  title = {On sub-determinants and the diameter of polyhedra},
  booktitle = {Proceedings of the 28th annual ACM symposium on Computational geometry},
  series = {SoCG '12},
  year = {2012},
  pages = {357--362},
}

@article {Loera11,
    AUTHOR = {De Loera, Jes\'us A.},
     TITLE = {New {I}nsights into the {C}omplexity and {G}eometry of {L}inear {O}ptimization},
   JOURNAL = {OPTIMA 87},
     ISSUE = {87},
      YEAR = {2011},
     PAGES = {1--13},
}

@article {MR1233487,
    AUTHOR = {Banaszczyk, Wojciech},
     TITLE = {New bounds in some transference theorems in the geometry of
              numbers},
   JOURNAL = {Math. Ann.},
  FJOURNAL = {Mathematische Annalen},
    VOLUME = {296},
      YEAR = {1993},
    NUMBER = {4},
     PAGES = {625--635},
      ISSN = {0025-5831},
     CODEN = {MAANA},
   MRCLASS = {11H31 (11H06 11H50)},
  MRNUMBER = {1233487 (94k:11075)},
MRREVIEWER = {Rainer Schulze-Pillot},
       DOI = {10.1007/BF01445125},
       URL = {http://dx.doi.org/10.1007/BF01445125},
}

@article {MR1410163,
    AUTHOR = {Banaszczyk, Wojciech},
     TITLE = {Inequalities for convex bodies and polar reciprocal lattices
              in {$\mathbf R^n$}. {II}. {A}pplication of {$K$}-convexity},
   JOURNAL = {Discrete Comput. Geom.},
  FJOURNAL = {Discrete \& Computational Geometry. An International Journal
              of Mathematics and Computer Science},
    VOLUME = {16},
      YEAR = {1996},
    NUMBER = {3},
     PAGES = {305--311},
      ISSN = {0179-5376},
     CODEN = {DCGEER},
   MRCLASS = {11H60 (11H06 52C07)},
  MRNUMBER = {1410163 (97h:11073)},
MRREVIEWER = {Martin Henk},
       DOI = {10.1007/BF02711514},
       URL = {http://dx.doi.org/10.1007/BF02711514},
}

@article {MR1854250,
    AUTHOR = {Banaszczyk, Wojciech and Litvak, Alexander E. and Pajor, Alain
              and Szarek, Stanislaw J.},
     TITLE = {The flatness theorem for nonsymmetric convex bodies via the
              local theory of {B}anach spaces},
   JOURNAL = {Math. Oper. Res.},
  FJOURNAL = {Mathematics of Operations Research},
    VOLUME = {24},
      YEAR = {1999},
    NUMBER = {3},
     PAGES = {728--750},
      ISSN = {0364-765X},
   MRCLASS = {52C07 (46N10 90C10)},
  MRNUMBER = {1854250 (2002k:52019)},
MRREVIEWER = {Konrad J. Swanepoel},
       DOI = {10.1287/moor.24.3.728},
       URL = {http://dx.doi.org/10.1287/moor.24.3.728},
}

@article {MR0232787,
    AUTHOR = {Veinott, Jr., Arthur F. and Dantzig, George B.},
     TITLE = {Integral extreme points},
   JOURNAL = {SIAM Rev.},
  FJOURNAL = {SIAM Review},
    VOLUME = {10},
      YEAR = {1968},
     PAGES = {371--372},
      ISSN = {0036-1445},
   MRCLASS = {15.50 (52.00)},
  MRNUMBER = {0232787 (38 \#1110)},
}

@incollection {MR0085148,
    AUTHOR = {Hoffman, Alan Jerome and Kruskal, Joseph Bernard},
     TITLE = {Integral boundary points of convex polyhedra},
 BOOKTITLE = {Linear inequalities and related systems},
    SERIES = {Annals of Mathematics Studies, no. 38},
     PAGES = {223--246},
 PUBLISHER = {Princeton University Press},
   ADDRESS = {Princeton, N. J.},
      YEAR = {1956},
   MRCLASS = {90.0X},
  MRNUMBER = {0085148 (18,980b)},
MRREVIEWER = {D. Gale},
}

@Book{book:Schrijver2003,
  author =       "Schrijver, Alexander",
  title =        "Combinatorial Optimization: Polyhedra and Efficiency",
  series =       "Algorithms and Combinatorics",
  volume =       "24",
  publisher =    "Springer-Verlag",
  address =      "Berlin",
  year =         "2003",
  ISBN =         "978-3-540-44389-6",
}

@Book{book:Vazirani2001,
  author =       "Vazirani, Vijay V.",
  title =        "Approximation Algorithms",
  publisher =    "Springer-Verlag",
  address =      "Berlin",
  year =         "2001",
  ISBN =         "978-3-540-65367-7",
}

@article {MR579077,
    AUTHOR = {Seymour, Paul D.},
     TITLE = {Decomposition of regular matroids},
   JOURNAL = {J. Combin. Theory Ser. B},
  FJOURNAL = {Journal of Combinatorial Theory. Series B},
    VOLUME = {28},
      YEAR = {1980},
    NUMBER = {3},
     PAGES = {305--359},
      ISSN = {0095-8956},
     CODEN = {JCBTB8},
   MRCLASS = {05B35 (05C50)},
  MRNUMBER = {579077 (82j:05046)},
MRREVIEWER = {Thomas Brylawski},
       DOI = {10.1016/0095-8956(80)90075-1},
       URL = {http://dx.doi.org/10.1016/0095-8956(80)90075-1},
}

@article {MR634365,
    AUTHOR = {Baum, Steven and Trotter, Jr., Leslie Earl},
     TITLE = {Integer rounding for polymatroid and branching optimization
              problems},
   JOURNAL = {SIAM J. Algebraic Discrete Methods},
  FJOURNAL = {Society for Industrial and Applied Mathematics. Journal on
              Algebraic and Discrete Methods},
    VOLUME = {2},
      YEAR = {1981},
    NUMBER = {4},
     PAGES = {416--425},
      ISSN = {0196-5212},
     CODEN = {SJAMDU},
   MRCLASS = {90C10 (05B35 05C20 05C50)},
  MRNUMBER = {634365 (84e:90069)},
       DOI = {10.1137/0602044},
       URL = {http://dx.doi.org/10.1137/0602044},
}

@article {MR2191294,
    AUTHOR = {Gijswijt, Dion},
     TITLE = {Integer decomposition for polyhedra defined by nearly totally
              unimodular matrices},
   JOURNAL = {SIAM J. Discrete Math.},
  FJOURNAL = {SIAM Journal on Discrete Mathematics},
    VOLUME = {19},
      YEAR = {2005},
    NUMBER = {3},
     PAGES = {798--806},
      ISSN = {0895-4801},
     CODEN = {SJDMEC},
   MRCLASS = {90C57 (05C15 90C35)},
  MRNUMBER = {2191294 (2006j:90143)},
       DOI = {10.1137/S089548010343569X},
       URL = {http://dx.doi.org/10.1137/S089548010343569X},
}

@article {MR1002704,
    AUTHOR = {Tipnis, Shailesh Kumar and Trotter, Jr., Leslie Earl},
     TITLE = {Node-packing problems with integer rounding properties},
   JOURNAL = {SIAM J. Discrete Math.},
  FJOURNAL = {SIAM Journal on Discrete Mathematics},
    VOLUME = {2},
      YEAR = {1989},
    NUMBER = {3},
     PAGES = {407--412},
      ISSN = {0895-4801},
     CODEN = {SJDMEC},
   MRCLASS = {90C10 (05C50 90C05)},
  MRNUMBER = {1002704 (90e:90085)},
MRREVIEWER = {O. Pokorn{\'a}},
       DOI = {10.1137/0402036},
       URL = {http://dx.doi.org/10.1137/0402036},
}

@article {MR2320129,
    AUTHOR = {Zambelli, Giacomo},
     TITLE = {Colorings of {$k$}-balanced matrices and integer decomposition
              property of related polyhedra},
   JOURNAL = {Oper. Res. Lett.},
  FJOURNAL = {Operations Research Letters},
    VOLUME = {35},
      YEAR = {2007},
    NUMBER = {3},
     PAGES = {353--356},
      ISSN = {0167-6377},
     CODEN = {ORLED5},
   MRCLASS = {15A57 (05C15 52B05 90C57)},
  MRNUMBER = {2320129 (2008e:15030)},
MRREVIEWER = {A. A. Chernyak},
       DOI = {10.1016/j.orl.2006.06.006},
       URL = {http://dx.doi.org/10.1016/j.orl.2006.06.006},
}

@Unpublished{GilesO1981,
  author =       "Giles, Frederick Richard and Orlin, James Berger",
  title =        "Verifying Total Dual Integrality",
  note =         "Manuscript",
  year =         "1981",
}

@article {MR2810951,
    AUTHOR = {Pap, J{\'u}lia},
     TITLE = {Recognizing conic {TDI} systems is hard},
   JOURNAL = {Math. Program.},
  FJOURNAL = {Mathematical Programming. A Publication of the Mathematical
              Programming Society},
    VOLUME = {128},
      YEAR = {2011},
    NUMBER = {1-2, Ser. A},
     PAGES = {43--48},
      ISSN = {0025-5610},
   MRCLASS = {90C10 (68Q17 90C60)},
  MRNUMBER = {2810951 (2012f:90099)},
       DOI = {10.1007/s10107-009-0294-5},
       URL = {http://dx.doi.org/10.1007/s10107-009-0294-5},
}

@article {MR2393045,
    AUTHOR = {Ding, Guoli and Feng, Li and Zang, Wenan},
     TITLE = {The complexity of recognizing linear systems with certain
              integrality properties},
   JOURNAL = {Math. Program.},
  FJOURNAL = {Mathematical Programming. A Publication of the Mathematical
              Programming Society},
    VOLUME = {114},
      YEAR = {2008},
    NUMBER = {2, Ser. A},
     PAGES = {321--334},
      ISSN = {0025-5610},
   MRCLASS = {90C57 (05C50 05C75 05C85 15A06)},
  MRNUMBER = {2393045 (2009a:90125)},
MRREVIEWER = {Romeo Rizzi},
       DOI = {10.1007/s10107-007-0103-y},
       URL = {http://dx.doi.org/10.1007/s10107-007-0103-y},
}

@article {MR774234,
    AUTHOR = {Cook, William and Lov{\'a}sz, L{\'a}szl{\'o} and Schrijver, Alexander},
     TITLE = {A polynomial-time test for total dual integrality in fixed
              dimension},
      NOTE = {Mathematical programming at Oberwolfach, II (Oberwolfach,
              1983)},
   JOURNAL = {Math. Programming Stud.},
  FJOURNAL = {Mathematical Programming Study},
    NUMBER = {22},
      YEAR = {1984},
     PAGES = {64--69},
      ISSN = {0303-3929},
     CODEN = {MPSTDF},
   MRCLASS = {90C10 (15A39)},
  MRNUMBER = {774234 (85m:90029)},
}

@article {MR2345814,
    AUTHOR = {Ho{\c{s}}ten, Serkan and Sturmfels, Bernd},
     TITLE = {Computing the integer programming gap},
   JOURNAL = {Combinatorica},
  FJOURNAL = {Combinatorica. An International Journal on Combinatorics and
              the Theory of Computing},
    VOLUME = {27},
      YEAR = {2007},
    NUMBER = {3},
     PAGES = {367--382},
      ISSN = {0209-9683},
   MRCLASS = {90C10 (13P10)},
  MRNUMBER = {2345814 (2009f:90055)},
       DOI = {10.1007/s00493-007-2057-3},
       URL = {http://dx.doi.org/10.1007/s00493-007-2057-3},
}

@article {MR1394516,
    AUTHOR = {Ram{\'{\i}}rez-Alfons{\'{\i}}n, Jorge Luis},
     TITLE = {Complexity of the {F}robenius problem},
   JOURNAL = {Combinatorica},
  FJOURNAL = {Combinatorica. An International Journal on Combinatorics and
              the Theory of Computing},
    VOLUME = {16},
      YEAR = {1996},
    NUMBER = {1},
     PAGES = {143--147},
      ISSN = {0209-9683},
     CODEN = {COMBDI},
   MRCLASS = {11D85 (11D04 11Y50 68Q25 90C27)},
  MRNUMBER = {1394516 (97d:11058)},
MRREVIEWER = {B{\'e}la Vizv{\'a}ri},
       DOI = {10.1007/BF01300131},
       URL = {http://dx.doi.org/10.1007/BF01300131},
}

@Book{Matousek2002,
  author =       "Matou{\v{s}}ek, Ji{\v{r}}i",
  title =        "Lectures on Discrete Geometry",
  series =       "Graduate Texts in Mathematics",
  volume =       "212",
  publisher =    "Springer-Verlag",
  year =         "2002",
}

@inproceedings{EHN11,
 author = {Eisenbrand, Friedrich and H\"{a}hnle, Nicolai and Niemeier, Martin},
 title = {Covering cubes and the closest vector problem},
 booktitle = {Proceedings of the 27th annual ACM symposium on Computational geometry},
 series = {SoCG '11},
 year = {2011},
 isbn = {978-1-4503-0682-9},
 location = {Paris, France},
 pages = {417--423},
 numpages = {7},
 url = {http://doi.acm.org/10.1145/1998196.1998264},
 doi = {http://doi.acm.org/10.1145/1998196.1998264},
 acmid = {1998264},
 publisher = {ACM},
 address = {New York, NY, USA},
 keywords = {approximation algorithm, box cover, closest lattice vector problem, covering convex bodies, ellipsoid cover},
}

@article{EHPS12,
  year={2012},
  issn={0025-5610},
  journal={Mathematical Programming},
  doi={10.1007/s10107-012-0518-y},
  title={Testing additive integrality gaps},
  url={http://dx.doi.org/10.1007/s10107-012-0518-y},
  publisher={Springer-Verlag},
  keywords={90C10; 52C07; 11H06; 68Q25},
  author={Eisenbrand, Friedrich and Hähnle, Nicolai and Pálvölgyi, Dömötör and Shmonin, Gennady},
  pages={1-15},
  language={English}
}

@Article{EH12,
  author =       {Friedrich Eisenbrand and Nicolai Hähnle},
  title =        {Minimizing the number of lattice points in a translated polygon},
  institution =  {},
  year =         {2012},
  note = {arXiv:1207.0979v1 [cs.CC]},
}

@article {MR758001,
    AUTHOR = {Goffin, Jean-Louis},
     TITLE = {Variable metric relaxation methods. {II}. {T}he ellipsoid
              method},
   JOURNAL = {Math. Programming},
  FJOURNAL = {Mathematical Programming},
    VOLUME = {30},
      YEAR = {1984},
    NUMBER = {2},
     PAGES = {147--162},
      ISSN = {0025-5610},
     CODEN = {MHPGA4},
   MRCLASS = {90C05 (52A40 65K10)},
  MRNUMBER = {758001 (87k:90165b)},
MRREVIEWER = {F. Pickel},
       DOI = {10.1007/BF02591882},
       URL = {http://dx.doi.org/10.1007/BF02591882},
}

@article {MR918090,
    AUTHOR = {Schnorr, Claus-Peter},
     TITLE = {A hierarchy of polynomial time lattice basis reduction
              algorithms},
   JOURNAL = {Theoret. Comput. Sci.},
  FJOURNAL = {Theoretical Computer Science},
    VOLUME = {53},
      YEAR = {1987},
    NUMBER = {2-3},
     PAGES = {201--224},
      ISSN = {0304-3975},
     CODEN = {TCSDI},
   MRCLASS = {11Y16 (11H55 68Q25)},
  MRNUMBER = {918090 (89h:11085)},
MRREVIEWER = {J. C. Lagarias},
       DOI = {10.1016/0304-3975(87)90064-8},
       URL = {http://dx.doi.org/10.1016/0304-3975(87)90064-8},
}

@article {MR682664,
    AUTHOR = {Lenstra, Arjen Klaas and Lenstra, Jr., Hendrik Willem and Lov{\'a}sz, L{\'a}szl{\'o}},
     TITLE = {Factoring polynomials with rational coefficients},
   JOURNAL = {Math. Ann.},
  FJOURNAL = {Mathematische Annalen},
    VOLUME = {261},
      YEAR = {1982},
    NUMBER = {4},
     PAGES = {515--534},
      ISSN = {0025-5831},
     CODEN = {MAANA3},
   MRCLASS = {12-04 (12A20 68C20 68C25)},
  MRNUMBER = {682664 (84a:12002)},
MRREVIEWER = {Daniel Lazard},
       DOI = {10.1007/BF01457454},
       URL = {http://dx.doi.org/10.1007/BF01457454},
}

@InProceedings{arvind_et_al:LIPIcs:2008:1738,
  author =      {Vikraman Arvind and Pushkar S. Joglekar},
  title =       {Some Sieving Algorithms for Lattice Problems},
  booktitle =   {IARCS Annual Conference on Foundations of Software Technology and Theoretical Computer Science (FSTTCS 2008)},
  pages =       {25--36},
  series =      {Leibniz International Proceedings in Informatics (LIPIcs)},
  ISBN =        {978-3-939897-08-8},
  ISSN =        {1868-8969},
  year =        {2008},
  volume =      {2},
  editor =      {Ramesh Hariharan and Madhavan Mukund and V Vinay},
  publisher =   {Schloss Dagstuhl--Leibniz-Zentrum fuer Informatik},
  address =     {Dagstuhl, Germany},
  URL =         {http://drops.dagstuhl.de/opus/volltexte/2008/1738},
  URN =         {urn:nbn:de:0030-drops-17380},
  doi =         {http://dx.doi.org/10.4230/LIPIcs.FSTTCS.2008.1738},
  annote =      {Keywords: Lattice problems, sieving algorithm, closest vector problem}
}

@incollection {MR1754783,
    AUTHOR = {Smale, Steve},
     TITLE = {Mathematical problems for the next century},
 BOOKTITLE = {Mathematics: frontiers and perspectives},
     PAGES = {271--294},
 PUBLISHER = {Amer. Math. Soc.},
   ADDRESS = {Providence, RI},
      YEAR = {2000},
   MRCLASS = {00A05 (00-02 01A61 01A67)},
  MRNUMBER = {1754783 (2001i:00003)},
}

@article{DBLP:journals/corr/abs-1006-4661,
  author    = {Robert Hildebrand and
               Matthias K{\"o}ppe},
  title     = {A Faster Algorithm for Quasi-convex Integer Polynomial Optimization},
  journal   = {CoRR},
  volume    = {abs/1006.4661},
  year      = {2010},
  ee        = {http://arxiv.org/abs/1006.4661},
  bibsource = {DBLP, http://dblp.uni-trier.de}
}

@Book{Ziegler98,
  author =       {Günter M. Ziegler},
  title =        {Lectures on Polytopes},
  publisher =    {Springer},
  year =         1998,
  number =       152,
  series =       {Graduate Texts in Mathematics },
  edition =      {Revised edition}
}

@misc{1203.4175,
  Author = {Timm Oertel and Christian Wagner and Robert Weismantel},
  Title = {Convex integer minimization in fixed dimension},
  Year = {2012},
  Eprint = {arXiv:1203.4175},
}

@article {MR1755679,
    AUTHOR = {Rudelson, Mark},
     TITLE = {Distances between non-symmetric convex bodies and the {$MM^\ast$}-estimate},
   JOURNAL = {Positivity},
  FJOURNAL = {Positivity. An International Journal devoted to the Theory and
              Applications of Positivity in Analysis},
    VOLUME = {4},
      YEAR = {2000},
    NUMBER = {2},
     PAGES = {161--178},
      ISSN = {1385-1292},
     CODEN = {PSITFL},
   MRCLASS = {52A20 (46B20 52A40)},
  MRNUMBER = {1755679 (2001d:52008)},
       DOI = {10.1023/A:1009842406728},
       URL = {http://dx.doi.org/10.1023/A:1009842406728},
}

@article {MR2176563,
    AUTHOR = {Khot, Subhash},
     TITLE = {Hardness of approximating the shortest vector problem in
              lattices},
   JOURNAL = {Journal of the ACM},
    VOLUME = {52},
      YEAR = {2005},
    NUMBER = {5},
     PAGES = {789--808},
      ISSN = {0004-5411},
   MRCLASS = {68Q17 (11H71 68Q15 94A60 94B35)},
  MRNUMBER = {2176563 (2006h:68051)},
MRREVIEWER = {Johan H{\aa}stad},
       DOI = {10.1145/1089023.1089027},
       URL = {http://dx.doi.org/10.1145/1089023.1089027},
}

@article {MR1856567,
    AUTHOR = {Micciancio, Daniele},
     TITLE = {The shortest vector in a lattice is hard to approximate to
              within some constant},
   JOURNAL = {SIAM Journal on Computing},
    VOLUME = {30},
      YEAR = {2001},
    NUMBER = {6},
     PAGES = {2008--2035},
      ISSN = {0097-5397},
   MRCLASS = {68Q17 (11H06 11P21 68Q25 68W25)},
  MRNUMBER = {1856567 (2003f:68050)},
MRREVIEWER = {Simon R. Blackburn},
       DOI = {10.1137/S0097539700373039},
       URL = {http://dx.doi.org/10.1137/S0097539700373039},
}

@article {MR2493325,
    AUTHOR = {Veselov, S. I. and Chirkov, A. J.},
     TITLE = {Integer program with bimodular matrix},
   JOURNAL = {Discrete Optim.},
  FJOURNAL = {Discrete Optimization. The Journal of Combinatorial Operations
              Research},
    VOLUME = {6},
      YEAR = {2009},
    NUMBER = {2},
     PAGES = {220--222},
      ISSN = {1572-5286},
   MRCLASS = {90C10},
  MRNUMBER = {2493325 (2010e:90070)},
       DOI = {10.1016/j.disopt.2008.12.002},
       URL = {http://dx.doi.org/10.1016/j.disopt.2008.12.002},
}

@article {MR2221557,
    AUTHOR = {Faigle, Ulrich and Frahling, Gereon},
     TITLE = {A combinatorial algorithm for weighted stable sets in
              bipartite graphs},
   JOURNAL = {Discrete Appl. Math.},
  FJOURNAL = {Discrete Applied Mathematics. The Journal of Combinatorial
              Algorithms, Informatics and Computational Sciences},
    VOLUME = {154},
      YEAR = {2006},
    NUMBER = {9},
     PAGES = {1380--1391},
      ISSN = {0166-218X},
     CODEN = {DAMADU},
   MRCLASS = {90C35 (05C69)},
  MRNUMBER = {2221557 (2006m:90185)},
MRREVIEWER = {Mechthild Opperud},
       DOI = {10.1016/j.dam.2005.05.037},
       URL = {http://dx.doi.org/10.1016/j.dam.2005.05.037},
}

@article{BHJ2011,
  title={Algorithms for highly symmetric linear and integer programs},
  author={Bödi, Richard and Herr, Katrin and Joswig, Michael},
  year={2011},
  issn={0025-5610},
  journal={Mathematical Programming},
  doi={10.1007/s10107-011-0487-6},
  url={http://dx.doi.org/10.1007/s10107-011-0487-6},
  publisher={Springer-Verlag},
  keywords={Linear programming; Integer programming; Symmetry; Permutation group; 90C10 (90C05, 52B12)},
  pages={1-26},
  language={English}
}

@article {MR1723045,
    AUTHOR = {Eisenbrand, Friedrich},
     TITLE = {On the membership problem for the elementary closure of a
              polyhedron},
   JOURNAL = {Combinatorica},
  FJOURNAL = {Combinatorica. An International Journal on Combinatorics and
              the Theory of Computing},
    VOLUME = {19},
      YEAR = {1999},
    NUMBER = {2},
     PAGES = {297--300},
      ISSN = {0209-9683},
   MRCLASS = {68Q17 (90C57)},
  MRNUMBER = {1723045 (2000g:68049)},
       DOI = {10.1007/s004930050057},
       URL = {http://dx.doi.org/10.1007/s004930050057},
}

@article{DBLP:journals/corr/abs-1207-0773,
  author    = {Benjamin Doerr and
               Reto Sp{\"o}hel and
               Henning Thomas and
               Carola Winzen},
  title     = {Playing Mastermind with Many Colors},
  journal   = {CoRR},
  volume    = {abs/1207.0773},
  year      = {2012},
  ee        = {http://arxiv.org/abs/1207.0773},
  bibsource = {DBLP, http://dblp.uni-trier.de}
}

@article {MR0165988,
    AUTHOR = {Erd{\H{o}}s, Paul and R{\'e}nyi, Alfr{\'e}d},
     TITLE = {On two problems of information theory},
   JOURNAL = {Magyar Tud. Akad. Mat. Kutat\'o Int. K\"ozl.},
    VOLUME = {8},
      YEAR = {1963},
     PAGES = {229--243},
   MRCLASS = {94.20},
  MRNUMBER = {0165988 (29 \#3268)},
MRREVIEWER = {H. P. Edmundson},
}

@techreport{Yanagisawa2005,
  author= {Yanagisawa, Hiroki},
  title = {A Simple Algorithm for Lattice Point Counting in Rational Polygons},
  institution = {IBM Research, Tokyo Research Laboratory},
  number = {RT0622},
  year = {2005}
}

@Book{Barvinok02,
    AUTHOR = {Barvinok, Alexander},
     TITLE = {A course in convexity},
    SERIES = {Graduate Studies in Mathematics},
    VOLUME = {54},
 PUBLISHER = {American Mathematical Society},
   ADDRESS = {Providence, RI},
      YEAR = {2002},
     PAGES = {x+366},
      ISBN = {0-8218-2968-8},
   MRCLASS = {52-02 (49N15 52-01 90-02 90C05 90C22 90C25)},
  MRNUMBER = {1940576 (2003j:52001)},
MRREVIEWER = {P. McMullen},
}

@book {MR2271992,
    AUTHOR = {Beck, Matthias and Robins, Sinai},
     TITLE = {Computing the continuous discretely},
    SERIES = {Undergraduate Texts in Mathematics},
      NOTE = {Integer-point enumeration in polyhedra},
 PUBLISHER = {Springer},
   ADDRESS = {New York},
      YEAR = {2007},
     PAGES = {xviii+226},
      ISBN = {978-0-387-29139-0; 0-387-29139-3},
   MRCLASS = {11P21 (05-02 05A15 11-02 11H06 52B05 52B20)},
  MRNUMBER = {2271992 (2007h:11119)},
MRREVIEWER = {Jes{\'u}s A. de Loera},
}

@incollection {BarvinokPommersheim99,
    AUTHOR = {Alexander Barvinok and J.~E. Pommersheim},
     TITLE = {An algorithmic theory of lattice points in polyhedra},
 BOOKTITLE = {New perspectives in algebraic combinatorics (Berkeley, CA,
              1996--97)},
     PAGES = {91--147},
 PUBLISHER = {Cambridge Univ. Press},
   ADDRESS = {Cambridge},
      YEAR = 1999,
   MRCLASS = {52C07 (05A15)},
  MRNUMBER = {2000k:52014},
}

@article {MR2383436,
    AUTHOR = {K{\"o}ppe, Matthias and Verdoolaege, Sven},
     TITLE = {Computing parametric rational generating functions with a
              primal {B}arvinok algorithm},
   JOURNAL = {Electron. J. Combin.},
  FJOURNAL = {Electronic Journal of Combinatorics},
    VOLUME = {15},
      YEAR = {2008},
    NUMBER = {1},
     PAGES = {Research Paper 16, 19},
      ISSN = {1077-8926},
   MRCLASS = {05A15 (52C07 68W30)},
  MRNUMBER = {MR2383436},
}

@article {MR2357077,
    AUTHOR = {Verdoolaege, Sven and Woods, Kevin},
     TITLE = {Counting with rational generating functions},
   JOURNAL = {J. Symbolic Comput.},
  FJOURNAL = {Journal of Symbolic Computation},
    VOLUME = {43},
      YEAR = {2008},
    NUMBER = {2},
     PAGES = {75--91},
      ISSN = {0747-7171},
   MRCLASS = {05A15 (52C07 68Q25)},
  MRNUMBER = {2357077 (2009a:05009)},
MRREVIEWER = {Alexander I. Barvinok},
       DOI = {10.1016/j.jsc.2007.07.007},
       URL = {http://dx.doi.org/10.1016/j.jsc.2007.07.007},
}

@article {MR2094541,
    AUTHOR = {De Loera, Jes{\'u}s A. and Hemmecke, Raymond and Tauzer,
              Jeremiah and Yoshida, Ruriko},
     TITLE = {Effective lattice point counting in rational convex polytopes},
   JOURNAL = {J. Symbolic Comput.},
  FJOURNAL = {Journal of Symbolic Computation},
    VOLUME = {38},
      YEAR = {2004},
    NUMBER = {4},
     PAGES = {1273--1302},
      ISSN = {0747-7171},
   MRCLASS = {52B20 (05A15 52C07 68U05 68W30)},
  MRNUMBER = {2094541 (2005i:52020)},
MRREVIEWER = {Christian Haase},
       DOI = {10.1016/j.jsc.2003.04.003},
       URL = {http://dx.doi.org/10.1016/j.jsc.2003.04.003},
}

@article {MR1797548,
    AUTHOR = {Beck, Matthias},
     TITLE = {Counting lattice points by means of the residue theorem},
   JOURNAL = {Ramanujan J.},
  FJOURNAL = {The Ramanujan Journal. An International Journal Devoted to the
              Areas of Mathematics Influenced by Ramanujan},
    VOLUME = {4},
      YEAR = {2000},
    NUMBER = {3},
     PAGES = {299--310},
      ISSN = {1382-4090},
     CODEN = {RAJOF9},
   MRCLASS = {11P21 (52B20)},
  MRNUMBER = {1797548 (2001k:11191)},
MRREVIEWER = {Michel Brion},
       DOI = {10.1023/A:1009853104418},
       URL = {http://dx.doi.org/10.1023/A:1009853104418},
}


@article {MR1931190,
    AUTHOR = {Beck, Matthias and Diaz, Ricardo and Robins, Sinai},
     TITLE = {The {F}robenius problem, rational polytopes, and
              {F}ourier-{D}edekind sums},
   JOURNAL = {J. Number Theory},
  FJOURNAL = {Journal of Number Theory},
    VOLUME = {96},
      YEAR = {2002},
    NUMBER = {1},
     PAGES = {1--21},
      ISSN = {0022-314X},
     CODEN = {JNUTA9},
   MRCLASS = {11P21 (11D04 11F20)},
  MRNUMBER = {1931190 (2003j:11117)},
MRREVIEWER = {Ira Gessel},
       URL =
              {http://www.sciencedirect.com/science?_ob=GatewayURL&_origin=MR&_method=citationSearch&_piikey=S0022314X02927861&_version=1&md5=8e11d7614b59afc179ba025385c11825},
}


@article {MR2161199,
    AUTHOR = {Lasserre, Jean Bernard and Zeron, Eduardo S.},
     TITLE = {An alternative algorithm for counting lattice points in a
              convex polytope},
   JOURNAL = {Math. Oper. Res.},
  FJOURNAL = {Mathematics of Operations Research},
    VOLUME = {30},
      YEAR = {2005},
    NUMBER = {3},
     PAGES = {597--614},
      ISSN = {0364-765X},
   MRCLASS = {05A15 (52B20 90C57)},
  MRNUMBER = {2161199 (2006d:05013)},
MRREVIEWER = {Matthias Beck},
       DOI = {10.1287/moor.1050.0145},
       URL = {http://dx.doi.org/10.1287/moor.1050.0145},
}


@book {MR1420620,
    AUTHOR = {Huxley, M. N.},
     TITLE = {Area, lattice points, and exponential sums},
    SERIES = {London Mathematical Society Monographs. New Series},
    VOLUME = {13},
      NOTE = {Oxford Science Publications},
 PUBLISHER = {The Clarendon Press Oxford University Press},
   ADDRESS = {New York},
      YEAR = {1996},
     PAGES = {xii+494},
      ISBN = {0-19-853466-3},
   MRCLASS = {11L07 (11J54 11P21)},
  MRNUMBER = {1420620 (97g:11088)},
MRREVIEWER = {R. C. Baker},
}

@book {MR616130,
    AUTHOR = {Gau{\ss}, Carl Friedrich},
     TITLE = {Werke. {B}and {II}},
      NOTE = {Reprint of the 1863 original},
 PUBLISHER = {Georg Olms Verlag},
   ADDRESS = {Hildesheim},
      YEAR = {1973},
     PAGES = {viii+504},
   MRCLASS = {01A75},
  MRNUMBER = {616130 (82e:01122b)},
MRREVIEWER = {C. J. Scriba},
}

@inproceedings{DBLP:conf/esa/SchulzT11,
  author    = {Andreas S. Schulz and
               Claudio Telha},
  title     = {Approximation Algorithms and Hardness Results for the Joint
               Replenishment Problem with Constant Demands},
  booktitle = {ESA},
  year      = {2011},
  pages     = {628-639},
  ee        = {http://dx.doi.org/10.1007/978-3-642-23719-5_53},
  crossref  = {DBLP:conf/esa/2011},
  bibsource = {DBLP, http://dblp.uni-trier.de}
}

@proceedings{DBLP:conf/esa/2011,
  editor    = {Camil Demetrescu and
               Magn{\'u}s M. Halld{\'o}rsson},
  title     = {Algorithms - ESA 2011 - 19th Annual European Symposium,
               Saarbr{\"u}cken, Germany, September 5-9, 2011. Proceedings},
  booktitle = {ESA},
  publisher = {Springer},
  series    = {Lecture Notes in Computer Science},
  volume    = {6942},
  year      = {2011},
  isbn      = {978-3-642-23718-8},
  ee        = {http://dx.doi.org/10.1007/978-3-642-23719-5},
  bibsource = {DBLP, http://dblp.uni-trier.de}
}

@article {MR2001909,
    AUTHOR = {Eisenbrand, Friedrich and Schulz, Andreas S.},
     TITLE = {Bounds on the {C}hv\'atal rank of polytopes in the
              {$0/1$}-cube},
   JOURNAL = {Combinatorica},
  FJOURNAL = {Combinatorica. An International Journal on Combinatorics and
              the Theory of Computing},
    VOLUME = {23},
      YEAR = {2003},
    NUMBER = {2},
     PAGES = {245--261},
      ISSN = {0209-9683},
   MRCLASS = {52B05 (68Q17 90C27)},
  MRNUMBER = {2001909 (2004i:52007)},
MRREVIEWER = {Klaus Hofstedt},
       DOI = {10.1007/s00493-003-0020-5},
       URL = {http://dx.doi.org/10.1007/s00493-003-0020-5},
}

@article {MR1993049,
    AUTHOR = {Ho{\c{s}}ten, Serkan and Thomas, Rekha R.},
     TITLE = {Gomory integer programs},
      NOTE = {Algebraic and geometric methods in discrete optimization},
   JOURNAL = {Math. Program.},
  FJOURNAL = {Mathematical Programming. A Publication of the Mathematical
              Programming Society},
    VOLUME = {96},
      YEAR = {2003},
    NUMBER = {2, Ser. B},
     PAGES = {271--292},
      ISSN = {0025-5610},
   MRCLASS = {90C10},
  MRNUMBER = {1993049 (2004f:90087)},
MRREVIEWER = {John Karlof},
       DOI = {10.1007/s10107-003-0386-6},
       URL = {http://dx.doi.org/10.1007/s10107-003-0386-6},
}

<<<<<<< HEAD
@book {MR519066,
    AUTHOR = {Garey, Michael R. and Johnson, David S.},
     TITLE = {Computers and intractability},
      NOTE = {A guide to the theory of NP-completeness,
              A Series of Books in the Mathematical Sciences},
 PUBLISHER = {W. H. Freeman and Co.},
   ADDRESS = {San Francisco, Calif.},
      YEAR = {1979},
     PAGES = {x+338},
      ISBN = {0-7167-1045-5},
   MRCLASS = {68C25 (03D15)},
  MRNUMBER = {519066 (80g:68056)},
MRREVIEWER = {Pavel Pudl{\'a}k},
}

@inproceedings{DBLP:conf/spaa/AlonDHL10,
  author    = {Noga Alon and
               Erik D. Demaine and
               MohammadTaghi Hajiaghayi and
               Tom Leighton},
  title     = {Basic network creation games},
  booktitle = {SPAA},
  year      = {2010},
  pages     = {106-113},
  ee        = {http://doi.acm.org/10.1145/1810479.1810502},
  crossref  = {DBLP:conf/spaa/2010},
  bibsource = {DBLP, http://dblp.uni-trier.de}
}

@proceedings{DBLP:conf/spaa/2010,
  editor    = {Friedhelm {Meyer auf der Heide} and
               Cynthia A. Phillips},
  title     = {SPAA 2010: Proceedings of the 22nd Annual ACM Symposium
               on Parallelism in Algorithms and Architectures, Thira, Santorini,
               Greece, June 13-15, 2010},
  booktitle = {SPAA},
  publisher = {ACM},
  year      = {2010},
  isbn      = {978-1-4503-0079-7},
  bibsource = {DBLP, http://dblp.uni-trier.de}
}

@article{DBLP:journals/corr/abs-1204-4753,
  author    = {Thomas Rothvo{\ss} and
               Laura Sanit{\`a}},
  title     = {0/1 Polytopes with Quadratic Chvatal Rank},
  journal   = {CoRR},
  volume    = {abs/1204.4753},
  year      = {2012},
  ee        = {http://arxiv.org/abs/1204.4753},
  bibsource = {DBLP, http://dblp.uni-trier.de}
}

@article{DBLP:journals/corr/abs-1301-4010,
  author    = {Thomas Rothvo{\ss}},
  title     = {Approximating Bin Packing within O(log OPT * log log OPT)
               bins},
  journal   = {CoRR},
  volume    = {abs/1301.4010},
  year      = {2013},
  ee        = {http://arxiv.org/abs/1301.4010},
  bibsource = {DBLP, http://dblp.uni-trier.de}
}

@article{DBLP:journals/corr/GoemansR13,
  author    = {Michel X. Goemans and
               Thomas Rothvo{\ss}},
  title     = {Polynomiality for Bin Packing with a Constant Number of
               Item Types},
  journal   = {CoRR},
  volume    = {abs/1307.5108},
  year      = {2013},
  ee        = {http://arxiv.org/abs/1307.5108},
  bibsource = {DBLP, http://dblp.uni-trier.de}
}

@article {MR856638,
    AUTHOR = {Babai, L.},
     TITLE = {On {L}ov\'asz' lattice reduction and the nearest lattice point
              problem},
   JOURNAL = {Combinatorica},
  FJOURNAL = {Combinatorica. An International Journal of the J\'anos Bolyai
              Mathematical Society},
    VOLUME = {6},
      YEAR = {1986},
    NUMBER = {1},
     PAGES = {1--13},
      ISSN = {0209-9683},
     CODEN = {COMBDI},
   MRCLASS = {68Q25 (11H06 11Y16 12-04)},
  MRNUMBER = {856638 (88a:68049)},
MRREVIEWER = {A. K. Lenstra},
       DOI = {10.1007/BF02579403},
       URL = {http://dx.doi.org/10.1007/BF02579403},
}

@book {MR1662447,
    AUTHOR = {Conway, J. H. and Sloane, N. J. A.},
     TITLE = {Sphere packings, lattices and groups},
    SERIES = {Grundlehren der Mathematischen Wissenschaften [Fundamental
              Principles of Mathematical Sciences]},
    VOLUME = {290},
   EDITION = {Third},
      NOTE = {With additional contributions by E. Bannai, R. E. Borcherds,
              J. Leech, S. P. Norton, A. M. Odlyzko, R. A. Parker, L. Queen
              and B. B. Venkov},
 PUBLISHER = {Springer-Verlag},
   ADDRESS = {New York},
      YEAR = {1999},
     PAGES = {lxxiv+703},
      ISBN = {0-387-98585-9},
   MRCLASS = {11H31 (05B40 11H06 20D08 52C07 52C17 94B75 94C30)},
  MRNUMBER = {1662447 (2000b:11077)},
MRREVIEWER = {Renaud Coulangeon},
}
